<record><leader>00000cas a2200000 a 4500</leader><controlfield tag="001">12983230</controlfield><controlfield tag="008">860106d19451966ksuwr ne      0    0eng d</controlfield><datafield ind1=" " ind2=" " tag="010"><subfield code="a">sn 85032322 </subfield></datafield><datafield ind1=" " ind2=" " tag="040"><subfield code="a">KSH</subfield><subfield code="b">eng</subfield><subfield code="c">KSH</subfield><subfield code="d">NPT</subfield><subfield code="d">OCL</subfield><subfield code="d">OCLCQ</subfield></datafield><datafield ind1=" " ind2=" " tag="042"><subfield code="a">msc</subfield></datafield><datafield ind1="0" ind2=" " tag="130"><subfield code="a">Wyandotte County record (Kansas City, Kan. : 1945)</subfield></datafield><datafield ind1="1" ind2="4" tag="245"><subfield code="a">The Wyandotte County record.</subfield></datafield><datafield ind1=" " ind2=" " tag="260"><subfield code="a">Kansas City, Kan. :</subfield><subfield code="b">E.W. Wells,</subfield><subfield code="c">1945-</subfield></datafield><datafield ind1=" " ind2=" " tag="300"><subfield code="a">v. :</subfield><subfield code="b">ill. ;</subfield><subfield code="c">45-52 cm.</subfield></datafield><datafield ind1=" " ind2=" " tag="310"><subfield code="a">Weekly</subfield></datafield><datafield ind1="0" ind2=" " tag="362"><subfield code="a">Vol. 58, no. 1 (Jan. 5, 1945)-</subfield></datafield><datafield ind1="1" ind2=" " tag="362"><subfield code="a">Ceased with May 26, 1966 issue?</subfield></datafield><datafield ind1=" " ind2=" " tag="500"><subfield code="a">Published by: Mrs. Louella Wells, Jan. 9, 1948-June 24, 1965; Kenneth P. Wells, July 1, 1965-</subfield></datafield><datafield ind1=" " ind2=" " tag="752"><subfield code="a">United States</subfield><subfield code="b">Kansas</subfield><subfield code="c">Wyandotte</subfield><subfield code="d">Kansas City.</subfield></datafield><datafield ind1="0" ind2="0" tag="780"><subfield code="t">Advertiser (Kansas City, Kan. : 1941)</subfield><subfield code="w">(DLC)sn 85066738</subfield></datafield><datafield ind1="0" ind2="0" tag="785"><subfield code="t">Silver City record</subfield><subfield code="w">(DLC)sn 85066992</subfield></datafield><datafield ind1="1" ind2=" " tag="029"><subfield code="a">AU@</subfield><subfield code="b">000022165364</subfield></datafield></record>